%YAML 1.1
%TAG !u! tag:unity3d.com,2011:
--- !u!1001 &100100000
PrefabInstance:
  serializedVersion: 2
  m_RootGameObject: {fileID: 1475767245338527}
  m_Modification:
    m_TransformParent: {fileID: 0}
    m_Modifications: []
    m_RemovedComponents: []
  m_SourcePrefab: {fileID: 0}
--- !u!1 &1475767245338527
GameObject:
  m_CorrespondingSourceObject: {fileID: 0}
  m_PrefabInstance: {fileID: 100100000}
  m_PrefabAsset: {fileID: 0}
  serializedVersion: 5
  m_Component:
  - component: {fileID: 224254268970708687}
  - component: {fileID: 222541352129804635}
  m_Layer: 5
  m_Name: GameOverLevel
  m_TagString: Untagged
  m_Icon: {fileID: 0}
  m_NavMeshLayer: 0
  m_StaticEditorFlags: 0
  m_IsActive: 1
--- !u!224 &224254268970708687
RectTransform:
  m_CorrespondingSourceObject: {fileID: 0}
  m_PrefabInstance: {fileID: 100100000}
  m_PrefabAsset: {fileID: 0}
  m_GameObject: {fileID: 1475767245338527}
  m_LocalRotation: {x: 0, y: 0, z: 0, w: 1}
  m_LocalPosition: {x: 0, y: 0, z: 0}
  m_LocalScale: {x: 1, y: 1, z: 1}
  m_Children:
  - {fileID: 224076278351217627}
  - {fileID: 224530126248388543}
  m_Father: {fileID: 0}
  m_RootOrder: 0
  m_LocalEulerAnglesHint: {x: 0, y: 0, z: 0}
--- !u!222 &222541352129804635
CanvasRenderer:
  m_CorrespondingSourceObject: {fileID: 0}
  m_PrefabInstance: {fileID: 100100000}
  m_PrefabAsset: {fileID: 0}
  m_GameObject: {fileID: 1475767245338527}
--- !u!1 &1914009088048383
GameObject:
  m_CorrespondingSourceObject: {fileID: 0}
  m_PrefabInstance: {fileID: 100100000}
  m_PrefabAsset: {fileID: 0}
  serializedVersion: 5
  m_Component:
  - component: {fileID: 224076278351217627}
  - component: {fileID: 222160408469817729}
  - component: {fileID: 114251924822377538}
  m_Layer: 5
  m_Name: bg
  m_TagString: Untagged
  m_Icon: {fileID: 0}
  m_NavMeshLayer: 0
  m_StaticEditorFlags: 0
  m_IsActive: 1
--- !u!224 &224076278351217627
RectTransform:
  m_CorrespondingSourceObject: {fileID: 0}
  m_PrefabInstance: {fileID: 100100000}
  m_PrefabAsset: {fileID: 0}
  m_GameObject: {fileID: 1914009088048383}
  m_LocalRotation: {x: 0, y: 0, z: 0, w: 1}
  m_LocalPosition: {x: 0, y: 0, z: 0}
  m_LocalScale: {x: 1, y: 1, z: 1}
  m_Children: []
  m_Father: {fileID: 224254268970708687}
  m_RootOrder: 0
  m_LocalEulerAnglesHint: {x: 0, y: 0, z: 0}
--- !u!222 &222160408469817729
CanvasRenderer:
  m_CorrespondingSourceObject: {fileID: 0}
  m_PrefabInstance: {fileID: 100100000}
  m_PrefabAsset: {fileID: 0}
  m_GameObject: {fileID: 1914009088048383}
--- !u!114 &114251924822377538
MonoBehaviour:
  m_CorrespondingSourceObject: {fileID: 0}
  m_PrefabInstance: {fileID: 100100000}
  m_PrefabAsset: {fileID: 0}
  m_GameObject: {fileID: 1914009088048383}
  m_Enabled: 1
  m_EditorHideFlags: 0
  m_Script: {fileID: -765806418, guid: f70555f144d8491a825f0804e09c671c, type: 3}
  m_Name:
  m_EditorClassIdentifier:
--- !u!1 &1978501843491450
GameObject:
  m_CorrespondingSourceObject: {fileID: 0}
  m_PrefabInstance: {fileID: 100100000}
  m_PrefabAsset: {fileID: 0}
  serializedVersion: 5
  m_Component:
  - component: {fileID: 224530126248388543}
  - component: {fileID: 114322904949969076}
  m_Layer: 5
  m_Name: offset
  m_TagString: Untagged
  m_Icon: {fileID: 0}
  m_NavMeshLayer: 0
  m_StaticEditorFlags: 0
  m_IsActive: 1
--- !u!224 &224530126248388543
RectTransform:
  m_CorrespondingSourceObject: {fileID: 0}
  m_PrefabInstance: {fileID: 100100000}
  m_PrefabAsset: {fileID: 0}
  m_GameObject: {fileID: 1978501843491450}
  m_LocalRotation: {x: 0, y: 0, z: 0, w: 1}
  m_LocalPosition: {x: 0, y: 0, z: 0}
  m_LocalScale: {x: 1, y: 1, z: 1}
  m_Children:
  - {fileID: 224226069728080419}
  m_Father: {fileID: 224254268970708687}
  m_RootOrder: 1
  m_LocalEulerAnglesHint: {x: 0, y: 0, z: 0}
--- !u!114 &114322904949969076
MonoBehaviour:
  m_CorrespondingSourceObject: {fileID: 0}
  m_PrefabInstance: {fileID: 100100000}
  m_PrefabAsset: {fileID: 0}
  m_GameObject: {fileID: 1978501843491450}
  m_Enabled: 1
  m_EditorHideFlags: 0
  m_Script: {fileID: 11500000, guid: f67bdd30b54cde94e8fae46f9e84b4a0, type: 3}
  m_Name:
  m_EditorClassIdentifier:
--- !u!1 &1010195191265785
GameObject:
  m_CorrespondingSourceObject: {fileID: 0}
  m_PrefabInstance: {fileID: 100100000}
  m_PrefabAsset: {fileID: 0}
  serializedVersion: 5
  m_Component:
  - component: {fileID: 224226069728080419}
  - component: {fileID: 95460823711338667}
  m_Layer: 5
  m_Name: Middle
  m_TagString: Untagged
  m_Icon: {fileID: 0}
  m_NavMeshLayer: 0
  m_StaticEditorFlags: 0
  m_IsActive: 1
--- !u!224 &224226069728080419
RectTransform:
  m_CorrespondingSourceObject: {fileID: 0}
  m_PrefabInstance: {fileID: 100100000}
  m_PrefabAsset: {fileID: 0}
  m_GameObject: {fileID: 1010195191265785}
  m_LocalRotation: {x: 0, y: 0, z: 0, w: 1}
  m_LocalPosition: {x: 0, y: 0, z: 0}
  m_LocalScale: {x: 1, y: 1, z: 1}
  m_Children:
  - {fileID: 224193147866881108}
  m_Father: {fileID: 224530126248388543}
  m_RootOrder: 0
  m_LocalEulerAnglesHint: {x: 0, y: 0, z: 0}
--- !u!95 &95460823711338667
Animator:
  serializedVersion: 3
  m_CorrespondingSourceObject: {fileID: 0}
  m_PrefabInstance: {fileID: 100100000}
  m_PrefabAsset: {fileID: 0}
  m_GameObject: {fileID: 1010195191265785}
  m_Enabled: 1
  m_Avatar: {fileID: 0}
  m_Controller: {fileID: 9100000, guid: d2dd75a54cd56e44687cb054537a41ae, type: 2}
  m_CullingMode: 0
  m_UpdateMode: 2
  m_ApplyRootMotion: 0
  m_LinearVelocityBlending: 0
  m_WarningMessage:
  m_HasTransformHierarchy: 1
  m_AllowConstantClipSamplingOptimization: 1
  m_KeepAnimatorControllerStateOnDisable: 0
--- !u!1 &1442798082178464
GameObject:
  m_CorrespondingSourceObject: {fileID: 0}
  m_PrefabInstance: {fileID: 100100000}
  m_PrefabAsset: {fileID: 0}
  serializedVersion: 5
  m_Component:
  - component: {fileID: 224193147866881108}
  - component: {fileID: 222410140978960988}
  - component: {fileID: 114837013124454457}
  m_Layer: 5
  m_Name: bg
  m_TagString: Untagged
  m_Icon: {fileID: 0}
  m_NavMeshLayer: 0
  m_StaticEditorFlags: 0
  m_IsActive: 1
--- !u!224 &224193147866881108
RectTransform:
  m_CorrespondingSourceObject: {fileID: 0}
  m_PrefabInstance: {fileID: 100100000}
  m_PrefabAsset: {fileID: 0}
  m_GameObject: {fileID: 1442798082178464}
  m_LocalRotation: {x: 0, y: 0, z: 0, w: 1}
  m_LocalPosition: {x: 0, y: 0, z: 0}
  m_LocalScale: {x: 1, y: 1, z: 1}
  m_Children:
  - {fileID: 224127042697211801}
  - {fileID: 224644355219646599}
  - {fileID: 224890525567623508}
  - {fileID: 224907795841444868}
  - {fileID: 224684289575052831}
  - {fileID: 224643974679993929}
  m_Father: {fileID: 224226069728080419}
  m_RootOrder: 0
  m_LocalEulerAnglesHint: {x: 0, y: 0, z: 0}
--- !u!222 &222410140978960988
CanvasRenderer:
  m_CorrespondingSourceObject: {fileID: 0}
  m_PrefabInstance: {fileID: 100100000}
  m_PrefabAsset: {fileID: 0}
  m_GameObject: {fileID: 1442798082178464}
--- !u!114 &114837013124454457
MonoBehaviour:
  m_CorrespondingSourceObject: {fileID: 0}
  m_PrefabInstance: {fileID: 100100000}
  m_PrefabAsset: {fileID: 0}
  m_GameObject: {fileID: 1442798082178464}
  m_Enabled: 0
  m_EditorHideFlags: 0
  m_Script: {fileID: -765806418, guid: f70555f144d8491a825f0804e09c671c, type: 3}
  m_Name:
  m_EditorClassIdentifier:
--- !u!1 &1732373530668226
GameObject:
  m_CorrespondingSourceObject: {fileID: 0}
  m_PrefabInstance: {fileID: 100100000}
  m_PrefabAsset: {fileID: 0}
  serializedVersion: 5
  m_Component:
  - component: {fileID: 224127042697211801}
  m_Layer: 5
  m_Name: top
  m_TagString: Untagged
  m_Icon: {fileID: 0}
  m_NavMeshLayer: 0
  m_StaticEditorFlags: 0
  m_IsActive: 1
--- !u!224 &224127042697211801
RectTransform:
  m_CorrespondingSourceObject: {fileID: 0}
  m_PrefabInstance: {fileID: 100100000}
  m_PrefabAsset: {fileID: 0}
  m_GameObject: {fileID: 1732373530668226}
  m_LocalRotation: {x: 0, y: 0, z: 0, w: 1}
  m_LocalPosition: {x: 0, y: -30, z: 0}
  m_LocalScale: {x: 1, y: 1, z: 1}
  m_Children:
  - {fileID: 224130939124745459}
  - {fileID: 224594405583388523}
  - {fileID: 224135311232176043}
  - {fileID: 224679880755624233}
  - {fileID: 224147992747401862}
  - {fileID: 224288876118125256}
  - {fileID: 224547056046526882}
  - {fileID: 224247739282687807}
  - {fileID: 224404797235090824}
  - {fileID: 224148842398866990}
  m_Father: {fileID: 224193147866881108}
  m_RootOrder: 0
  m_LocalEulerAnglesHint: {x: 0, y: 0, z: 0}
--- !u!1 &1292585566382368
GameObject:
  m_CorrespondingSourceObject: {fileID: 0}
  m_PrefabInstance: {fileID: 100100000}
  m_PrefabAsset: {fileID: 0}
  serializedVersion: 5
  m_Component:
  - component: {fileID: 224130939124745459}
  - component: {fileID: 222444361303124422}
  - component: {fileID: 114512151352272694}
  m_Layer: 5
  m_Name: Image_BG
  m_TagString: Untagged
  m_Icon: {fileID: 0}
  m_NavMeshLayer: 0
  m_StaticEditorFlags: 0
  m_IsActive: 1
--- !u!224 &224130939124745459
RectTransform:
  m_CorrespondingSourceObject: {fileID: 0}
  m_PrefabInstance: {fileID: 100100000}
  m_PrefabAsset: {fileID: 0}
  m_GameObject: {fileID: 1292585566382368}
  m_LocalRotation: {x: 0, y: 0, z: 0, w: 1}
  m_LocalPosition: {x: 0, y: 440, z: 0}
  m_LocalScale: {x: 1, y: 1, z: 1}
  m_Children: []
  m_Father: {fileID: 224127042697211801}
  m_RootOrder: 0
  m_LocalEulerAnglesHint: {x: 0, y: 0, z: 0}
--- !u!222 &222444361303124422
CanvasRenderer:
  m_CorrespondingSourceObject: {fileID: 0}
  m_PrefabInstance: {fileID: 100100000}
  m_PrefabAsset: {fileID: 0}
  m_GameObject: {fileID: 1292585566382368}
--- !u!114 &114512151352272694
MonoBehaviour:
  m_CorrespondingSourceObject: {fileID: 0}
  m_PrefabInstance: {fileID: 100100000}
  m_PrefabAsset: {fileID: 0}
  m_GameObject: {fileID: 1292585566382368}
  m_Enabled: 1
  m_EditorHideFlags: 0
  m_Script: {fileID: -765806418, guid: f70555f144d8491a825f0804e09c671c, type: 3}
  m_Name:
  m_EditorClassIdentifier:
--- !u!1 &1286764615743654
GameObject:
  m_CorrespondingSourceObject: {fileID: 0}
  m_PrefabInstance: {fileID: 100100000}
  m_PrefabAsset: {fileID: 0}
  serializedVersion: 5
  m_Component:
  - component: {fileID: 224594405583388523}
  m_Layer: 5
  m_Name: titleleft
  m_TagString: Untagged
  m_Icon: {fileID: 0}
  m_NavMeshLayer: 0
  m_StaticEditorFlags: 0
  m_IsActive: 1
--- !u!224 &224594405583388523
RectTransform:
  m_CorrespondingSourceObject: {fileID: 0}
  m_PrefabInstance: {fileID: 100100000}
  m_PrefabAsset: {fileID: 0}
  m_GameObject: {fileID: 1286764615743654}
  m_LocalRotation: {x: 0, y: 0, z: 0, w: 1}
  m_LocalPosition: {x: -367.5, y: 0, z: 0}
  m_LocalScale: {x: 1, y: 1, z: 1}
  m_Children:
  - {fileID: 224966869600322359}
  m_Father: {fileID: 224127042697211801}
  m_RootOrder: 1
  m_LocalEulerAnglesHint: {x: 0, y: 0, z: 0}
--- !u!1 &1399699442367996
GameObject:
  m_CorrespondingSourceObject: {fileID: 0}
  m_PrefabInstance: {fileID: 100100000}
  m_PrefabAsset: {fileID: 0}
  serializedVersion: 5
  m_Component:
  - component: {fileID: 224966869600322359}
  - component: {fileID: 222107943976602184}
  - component: {fileID: 114276210662219227}
  m_Layer: 5
  m_Name: Image_TitleLeft
  m_TagString: Untagged
  m_Icon: {fileID: 0}
  m_NavMeshLayer: 0
  m_StaticEditorFlags: 0
  m_IsActive: 1
--- !u!224 &224966869600322359
RectTransform:
  m_CorrespondingSourceObject: {fileID: 0}
  m_PrefabInstance: {fileID: 100100000}
  m_PrefabAsset: {fileID: 0}
  m_GameObject: {fileID: 1399699442367996}
  m_LocalRotation: {x: 0, y: 0, z: 0, w: 1}
  m_LocalPosition: {x: 35.5, y: 340, z: 0}
  m_LocalScale: {x: 1, y: 1, z: 1}
  m_Children: []
  m_Father: {fileID: 224594405583388523}
  m_RootOrder: 0
  m_LocalEulerAnglesHint: {x: 0, y: 0, z: 0}
--- !u!222 &222107943976602184
CanvasRenderer:
  m_CorrespondingSourceObject: {fileID: 0}
  m_PrefabInstance: {fileID: 100100000}
  m_PrefabAsset: {fileID: 0}
  m_GameObject: {fileID: 1399699442367996}
--- !u!114 &114276210662219227
MonoBehaviour:
  m_CorrespondingSourceObject: {fileID: 0}
  m_PrefabInstance: {fileID: 100100000}
  m_PrefabAsset: {fileID: 0}
  m_GameObject: {fileID: 1399699442367996}
  m_Enabled: 1
  m_EditorHideFlags: 0
  m_Script: {fileID: -765806418, guid: f70555f144d8491a825f0804e09c671c, type: 3}
  m_Name:
  m_EditorClassIdentifier:
--- !u!1 &1429402727691931
GameObject:
  m_CorrespondingSourceObject: {fileID: 0}
  m_PrefabInstance: {fileID: 100100000}
  m_PrefabAsset: {fileID: 0}
  serializedVersion: 5
  m_Component:
  - component: {fileID: 224135311232176043}
  m_Layer: 5
  m_Name: titleright
  m_TagString: Untagged
  m_Icon: {fileID: 0}
  m_NavMeshLayer: 0
  m_StaticEditorFlags: 0
  m_IsActive: 1
--- !u!224 &224135311232176043
RectTransform:
  m_CorrespondingSourceObject: {fileID: 0}
  m_PrefabInstance: {fileID: 100100000}
  m_PrefabAsset: {fileID: 0}
  m_GameObject: {fileID: 1429402727691931}
  m_LocalRotation: {x: 0, y: 0, z: 0, w: 1}
  m_LocalPosition: {x: 367.5, y: 0, z: 0}
  m_LocalScale: {x: 1, y: 1, z: 1}
  m_Children:
  - {fileID: 224746005317777481}
  m_Father: {fileID: 224127042697211801}
  m_RootOrder: 2
  m_LocalEulerAnglesHint: {x: 0, y: 0, z: 0}
--- !u!1 &1992505916999313
GameObject:
  m_CorrespondingSourceObject: {fileID: 0}
  m_PrefabInstance: {fileID: 100100000}
  m_PrefabAsset: {fileID: 0}
  serializedVersion: 5
  m_Component:
  - component: {fileID: 224746005317777481}
  - component: {fileID: 222412583796148354}
  - component: {fileID: 114629798684381253}
  m_Layer: 5
  m_Name: Image_TitleRight
  m_TagString: Untagged
  m_Icon: {fileID: 0}
  m_NavMeshLayer: 0
  m_StaticEditorFlags: 0
  m_IsActive: 1
--- !u!224 &224746005317777481
RectTransform:
  m_CorrespondingSourceObject: {fileID: 0}
  m_PrefabInstance: {fileID: 100100000}
  m_PrefabAsset: {fileID: 0}
  m_GameObject: {fileID: 1992505916999313}
  m_LocalRotation: {x: 0, y: 0, z: 0, w: 1}
  m_LocalPosition: {x: -41.5, y: 309, z: 0}
  m_LocalScale: {x: 1, y: 1, z: 1}
  m_Children: []
  m_Father: {fileID: 224135311232176043}
  m_RootOrder: 0
  m_LocalEulerAnglesHint: {x: 0, y: 0, z: 0}
--- !u!222 &222412583796148354
CanvasRenderer:
  m_CorrespondingSourceObject: {fileID: 0}
  m_PrefabInstance: {fileID: 100100000}
  m_PrefabAsset: {fileID: 0}
  m_GameObject: {fileID: 1992505916999313}
--- !u!114 &114629798684381253
MonoBehaviour:
  m_CorrespondingSourceObject: {fileID: 0}
  m_PrefabInstance: {fileID: 100100000}
  m_PrefabAsset: {fileID: 0}
  m_GameObject: {fileID: 1992505916999313}
  m_Enabled: 1
  m_EditorHideFlags: 0
  m_Script: {fileID: -765806418, guid: f70555f144d8491a825f0804e09c671c, type: 3}
  m_Name:
  m_EditorClassIdentifier:
--- !u!1 &1966756360046763
GameObject:
  m_CorrespondingSourceObject: {fileID: 0}
  m_PrefabInstance: {fileID: 100100000}
  m_PrefabAsset: {fileID: 0}
  serializedVersion: 5
  m_Component:
  - component: {fileID: 224679880755624233}
  - component: {fileID: 222653038030586972}
  - component: {fileID: 114537686259393649}
  m_Layer: 5
  m_Name: Image_Title
  m_TagString: Untagged
  m_Icon: {fileID: 0}
  m_NavMeshLayer: 0
  m_StaticEditorFlags: 0
  m_IsActive: 1
--- !u!224 &224679880755624233
RectTransform:
  m_CorrespondingSourceObject: {fileID: 0}
  m_PrefabInstance: {fileID: 100100000}
  m_PrefabAsset: {fileID: 0}
  m_GameObject: {fileID: 1966756360046763}
  m_LocalRotation: {x: 0, y: 0, z: 0, w: 1}
  m_LocalPosition: {x: 0, y: 455, z: 0}
  m_LocalScale: {x: 1, y: 1, z: 1}
  m_Children: []
  m_Father: {fileID: 224127042697211801}
  m_RootOrder: 3
  m_LocalEulerAnglesHint: {x: 0, y: 0, z: 0}
--- !u!222 &222653038030586972
CanvasRenderer:
  m_CorrespondingSourceObject: {fileID: 0}
  m_PrefabInstance: {fileID: 100100000}
  m_PrefabAsset: {fileID: 0}
  m_GameObject: {fileID: 1966756360046763}
--- !u!114 &114537686259393649
MonoBehaviour:
  m_CorrespondingSourceObject: {fileID: 0}
  m_PrefabInstance: {fileID: 100100000}
  m_PrefabAsset: {fileID: 0}
  m_GameObject: {fileID: 1966756360046763}
  m_Enabled: 1
  m_EditorHideFlags: 0
  m_Script: {fileID: -765806418, guid: f70555f144d8491a825f0804e09c671c, type: 3}
  m_Name:
  m_EditorClassIdentifier:
--- !u!1 &1561701879298405
GameObject:
  m_CorrespondingSourceObject: {fileID: 0}
  m_PrefabInstance: {fileID: 100100000}
  m_PrefabAsset: {fileID: 0}
  serializedVersion: 5
  m_Component:
  - component: {fileID: 224147992747401862}
  - component: {fileID: 222378943879784513}
  - component: {fileID: 114202207096886400}
  - component: {fileID: 114944913785650433}
  m_Layer: 5
  m_Name: Text_ReachLevel
  m_TagString: Untagged
  m_Icon: {fileID: 0}
  m_NavMeshLayer: 0
  m_StaticEditorFlags: 0
  m_IsActive: 1
--- !u!224 &224147992747401862
RectTransform:
  m_CorrespondingSourceObject: {fileID: 0}
  m_PrefabInstance: {fileID: 100100000}
  m_PrefabAsset: {fileID: 0}
  m_GameObject: {fileID: 1561701879298405}
  m_LocalRotation: {x: 0, y: 0, z: 0, w: 1}
  m_LocalPosition: {x: 0, y: 389, z: 0}
  m_LocalScale: {x: 1, y: 1, z: 1}
  m_Children: []
  m_Father: {fileID: 224127042697211801}
  m_RootOrder: 4
  m_LocalEulerAnglesHint: {x: 0, y: 0, z: 0}
--- !u!222 &222378943879784513
CanvasRenderer:
  m_CorrespondingSourceObject: {fileID: 0}
  m_PrefabInstance: {fileID: 100100000}
  m_PrefabAsset: {fileID: 0}
  m_GameObject: {fileID: 1561701879298405}
--- !u!114 &114202207096886400
MonoBehaviour:
  m_CorrespondingSourceObject: {fileID: 0}
  m_PrefabInstance: {fileID: 100100000}
  m_PrefabAsset: {fileID: 0}
  m_GameObject: {fileID: 1561701879298405}
  m_Enabled: 1
  m_EditorHideFlags: 0
  m_Script: {fileID: 11500000, guid: 0e3b03fcffcda334d8e69591462f93d8, type: 3}
  m_Name:
  m_EditorClassIdentifier:
--- !u!114 &114944913785650433
MonoBehaviour:
  m_CorrespondingSourceObject: {fileID: 0}
  m_PrefabInstance: {fileID: 100100000}
  m_PrefabAsset: {fileID: 0}
  m_GameObject: {fileID: 1561701879298405}
  m_Enabled: 1
  m_EditorHideFlags: 0
  m_Script: {fileID: 11500000, guid: 6fb8e7adc9968cc44bbd84db5356f38d, type: 3}
  m_Name:
  m_EditorClassIdentifier:
--- !u!1 &1746200923389222
GameObject:
  m_CorrespondingSourceObject: {fileID: 0}
  m_PrefabInstance: {fileID: 100100000}
  m_PrefabAsset: {fileID: 0}
  serializedVersion: 5
  m_Component:
  - component: {fileID: 224288876118125256}
  m_Layer: 5
  m_Name: StageParent
  m_TagString: Untagged
  m_Icon: {fileID: 0}
  m_NavMeshLayer: 0
  m_StaticEditorFlags: 0
  m_IsActive: 1
--- !u!224 &224288876118125256
RectTransform:
  m_CorrespondingSourceObject: {fileID: 0}
  m_PrefabInstance: {fileID: 100100000}
  m_PrefabAsset: {fileID: 0}
  m_GameObject: {fileID: 1746200923389222}
  m_LocalRotation: {x: 0, y: 0, z: 0, w: 1}
  m_LocalPosition: {x: 0, y: 289, z: 0}
  m_LocalScale: {x: 1, y: 1, z: 1}
  m_Children:
  - {fileID: 224241665203407350}
  - {fileID: 224659380473191033}
  - {fileID: 224226509335826749}
  m_Father: {fileID: 224127042697211801}
  m_RootOrder: 5
  m_LocalEulerAnglesHint: {x: 0, y: 0, z: 0}
--- !u!1 &1060413453493910
GameObject:
  m_CorrespondingSourceObject: {fileID: 0}
  m_PrefabInstance: {fileID: 100100000}
  m_PrefabAsset: {fileID: 0}
  serializedVersion: 5
  m_Component:
  - component: {fileID: 224241665203407350}
  - component: {fileID: 222929868349473898}
  - component: {fileID: 114168956430839878}
  m_Layer: 5
  m_Name: Image_StageBG
  m_TagString: Untagged
  m_Icon: {fileID: 0}
  m_NavMeshLayer: 0
  m_StaticEditorFlags: 0
  m_IsActive: 1
--- !u!224 &224241665203407350
RectTransform:
  m_CorrespondingSourceObject: {fileID: 0}
  m_PrefabInstance: {fileID: 100100000}
  m_PrefabAsset: {fileID: 0}
  m_GameObject: {fileID: 1060413453493910}
  m_LocalRotation: {x: 0, y: 0, z: 0, w: 1}
  m_LocalPosition: {x: 0, y: -29, z: 0}
  m_LocalScale: {x: 1, y: 1, z: 1}
  m_Children: []
  m_Father: {fileID: 224288876118125256}
  m_RootOrder: 0
  m_LocalEulerAnglesHint: {x: 0, y: 0, z: 0}
--- !u!222 &222929868349473898
CanvasRenderer:
  m_CorrespondingSourceObject: {fileID: 0}
  m_PrefabInstance: {fileID: 100100000}
  m_PrefabAsset: {fileID: 0}
  m_GameObject: {fileID: 1060413453493910}
--- !u!114 &114168956430839878
MonoBehaviour:
  m_CorrespondingSourceObject: {fileID: 0}
  m_PrefabInstance: {fileID: 100100000}
  m_PrefabAsset: {fileID: 0}
  m_GameObject: {fileID: 1060413453493910}
  m_Enabled: 1
  m_EditorHideFlags: 0
  m_Script: {fileID: -765806418, guid: f70555f144d8491a825f0804e09c671c, type: 3}
  m_Name:
  m_EditorClassIdentifier:
--- !u!1 &1139976058273425
GameObject:
  m_CorrespondingSourceObject: {fileID: 0}
  m_PrefabInstance: {fileID: 100100000}
  m_PrefabAsset: {fileID: 0}
  serializedVersion: 5
  m_Component:
  - component: {fileID: 224659380473191033}
  - component: {fileID: 222434852665400288}
  - component: {fileID: 114398959736609133}
  - component: {fileID: 114629977167729000}
  m_Layer: 5
  m_Name: Text_Layer
  m_TagString: Untagged
  m_Icon: {fileID: 0}
  m_NavMeshLayer: 0
  m_StaticEditorFlags: 0
  m_IsActive: 1
--- !u!224 &224659380473191033
RectTransform:
  m_CorrespondingSourceObject: {fileID: 0}
  m_PrefabInstance: {fileID: 100100000}
  m_PrefabAsset: {fileID: 0}
  m_GameObject: {fileID: 1139976058273425}
  m_LocalRotation: {x: 0, y: 0, z: 0, w: 1}
  m_LocalPosition: {x: 0, y: -30, z: 0}
  m_LocalScale: {x: 1, y: 1, z: 1}
  m_Children: []
  m_Father: {fileID: 224288876118125256}
  m_RootOrder: 1
  m_LocalEulerAnglesHint: {x: 0, y: 0, z: 0}
--- !u!222 &222434852665400288
CanvasRenderer:
  m_CorrespondingSourceObject: {fileID: 0}
  m_PrefabInstance: {fileID: 100100000}
  m_PrefabAsset: {fileID: 0}
  m_GameObject: {fileID: 1139976058273425}
--- !u!114 &114398959736609133
MonoBehaviour:
  m_CorrespondingSourceObject: {fileID: 0}
  m_PrefabInstance: {fileID: 100100000}
  m_PrefabAsset: {fileID: 0}
  m_GameObject: {fileID: 1139976058273425}
  m_Enabled: 1
  m_EditorHideFlags: 0
  m_Script: {fileID: 11500000, guid: 0e3b03fcffcda334d8e69591462f93d8, type: 3}
  m_Name:
  m_EditorClassIdentifier:
--- !u!114 &114629977167729000
MonoBehaviour:
  m_CorrespondingSourceObject: {fileID: 0}
  m_PrefabInstance: {fileID: 100100000}
  m_PrefabAsset: {fileID: 0}
  m_GameObject: {fileID: 1139976058273425}
  m_Enabled: 1
  m_EditorHideFlags: 0
  m_Script: {fileID: 11500000, guid: 6fb8e7adc9968cc44bbd84db5356f38d, type: 3}
  m_Name:
  m_EditorClassIdentifier:
--- !u!1 &1110809503735474
GameObject:
  m_CorrespondingSourceObject: {fileID: 0}
  m_PrefabInstance: {fileID: 100100000}
  m_PrefabAsset: {fileID: 0}
  serializedVersion: 5
  m_Component:
  - component: {fileID: 224226509335826749}
  - component: {fileID: 222520184890247575}
  - component: {fileID: 114225486996167455}
  - component: {fileID: 114403270985517995}
  m_Layer: 5
  m_Name: Text_Stage
  m_TagString: Untagged
  m_Icon: {fileID: 0}
  m_NavMeshLayer: 0
  m_StaticEditorFlags: 0
  m_IsActive: 1
--- !u!224 &224226509335826749
RectTransform:
  m_CorrespondingSourceObject: {fileID: 0}
  m_PrefabInstance: {fileID: 100100000}
  m_PrefabAsset: {fileID: 0}
  m_GameObject: {fileID: 1110809503735474}
  m_LocalRotation: {x: 0, y: 0, z: 0, w: 1}
  m_LocalPosition: {x: 0, y: -109, z: 0}
  m_LocalScale: {x: 1, y: 1, z: 1}
  m_Children: []
  m_Father: {fileID: 224288876118125256}
  m_RootOrder: 2
  m_LocalEulerAnglesHint: {x: 0, y: 0, z: 0}
--- !u!222 &222520184890247575
CanvasRenderer:
  m_CorrespondingSourceObject: {fileID: 0}
  m_PrefabInstance: {fileID: 100100000}
  m_PrefabAsset: {fileID: 0}
  m_GameObject: {fileID: 1110809503735474}
--- !u!114 &114225486996167455
MonoBehaviour:
  m_CorrespondingSourceObject: {fileID: 0}
  m_PrefabInstance: {fileID: 100100000}
  m_PrefabAsset: {fileID: 0}
  m_GameObject: {fileID: 1110809503735474}
  m_Enabled: 1
  m_EditorHideFlags: 0
  m_Script: {fileID: 11500000, guid: 0e3b03fcffcda334d8e69591462f93d8, type: 3}
  m_Name:
  m_EditorClassIdentifier:
--- !u!114 &114403270985517995
MonoBehaviour:
  m_CorrespondingSourceObject: {fileID: 0}
  m_PrefabInstance: {fileID: 100100000}
  m_PrefabAsset: {fileID: 0}
  m_GameObject: {fileID: 1110809503735474}
  m_Enabled: 1
  m_EditorHideFlags: 0
  m_Script: {fileID: 11500000, guid: 6fb8e7adc9968cc44bbd84db5356f38d, type: 3}
  m_Name:
  m_EditorClassIdentifier:
--- !u!1 &1466457804111189
GameObject:
  m_CorrespondingSourceObject: {fileID: 0}
  m_PrefabInstance: {fileID: 100100000}
  m_PrefabAsset: {fileID: 0}
  serializedVersion: 5
  m_Component:
  - component: {fileID: 224547056046526882}
  m_Layer: 5
  m_Name: GoldParent
  m_TagString: Untagged
  m_Icon: {fileID: 0}
  m_NavMeshLayer: 0
  m_StaticEditorFlags: 0
  m_IsActive: 0
--- !u!224 &224547056046526882
RectTransform:
  m_CorrespondingSourceObject: {fileID: 0}
  m_PrefabInstance: {fileID: 100100000}
  m_PrefabAsset: {fileID: 0}
  m_GameObject: {fileID: 1466457804111189}
  m_LocalRotation: {x: 0, y: 0, z: 0, w: 1}
  m_LocalPosition: {x: 0, y: 152, z: 0}
  m_LocalScale: {x: 1, y: 1, z: 1}
  m_Children:
  - {fileID: 224192655686172106}
  - {fileID: 224703781102465783}
  - {fileID: 224118071308584558}
  m_Father: {fileID: 224127042697211801}
  m_RootOrder: 6
  m_LocalEulerAnglesHint: {x: 0, y: 0, z: 0}
--- !u!1 &1074157146105887
GameObject:
  m_CorrespondingSourceObject: {fileID: 0}
  m_PrefabInstance: {fileID: 100100000}
  m_PrefabAsset: {fileID: 0}
  serializedVersion: 5
  m_Component:
  - component: {fileID: 224192655686172106}
  - component: {fileID: 222196573179970075}
  - component: {fileID: 114213254296690915}
  m_Layer: 5
  m_Name: Image_BG
  m_TagString: Untagged
  m_Icon: {fileID: 0}
  m_NavMeshLayer: 0
  m_StaticEditorFlags: 0
  m_IsActive: 1
--- !u!224 &224192655686172106
RectTransform:
  m_CorrespondingSourceObject: {fileID: 0}
  m_PrefabInstance: {fileID: 100100000}
  m_PrefabAsset: {fileID: 0}
  m_GameObject: {fileID: 1074157146105887}
  m_LocalRotation: {x: 0, y: 0, z: 0, w: 1}
  m_LocalPosition: {x: 0, y: 0, z: 0}
  m_LocalScale: {x: 1, y: 1, z: 1}
  m_Children: []
  m_Father: {fileID: 224547056046526882}
  m_RootOrder: 0
  m_LocalEulerAnglesHint: {x: 0, y: 0, z: 0}
--- !u!222 &222196573179970075
CanvasRenderer:
  m_CorrespondingSourceObject: {fileID: 0}
  m_PrefabInstance: {fileID: 100100000}
  m_PrefabAsset: {fileID: 0}
  m_GameObject: {fileID: 1074157146105887}
--- !u!114 &114213254296690915
MonoBehaviour:
  m_CorrespondingSourceObject: {fileID: 0}
  m_PrefabInstance: {fileID: 100100000}
  m_PrefabAsset: {fileID: 0}
  m_GameObject: {fileID: 1074157146105887}
  m_Enabled: 1
  m_EditorHideFlags: 0
  m_Script: {fileID: -765806418, guid: f70555f144d8491a825f0804e09c671c, type: 3}
  m_Name:
  m_EditorClassIdentifier:
--- !u!1 &1415683398600834
GameObject:
  m_CorrespondingSourceObject: {fileID: 0}
  m_PrefabInstance: {fileID: 100100000}
  m_PrefabAsset: {fileID: 0}
  serializedVersion: 5
  m_Component:
  - component: {fileID: 224703781102465783}
  - component: {fileID: 114755004606368063}
  m_Layer: 5
  m_Name: challenge_parent
  m_TagString: Untagged
  m_Icon: {fileID: 0}
  m_NavMeshLayer: 0
  m_StaticEditorFlags: 0
  m_IsActive: 1
--- !u!224 &224703781102465783
RectTransform:
  m_CorrespondingSourceObject: {fileID: 0}
  m_PrefabInstance: {fileID: 100100000}
  m_PrefabAsset: {fileID: 0}
  m_GameObject: {fileID: 1415683398600834}
  m_LocalRotation: {x: 0, y: 0, z: 0, w: 1}
  m_LocalPosition: {x: 0, y: 0, z: 0}
  m_LocalScale: {x: 1, y: 1, z: 1}
  m_Children:
  - {fileID: 224951702334270580}
  m_Father: {fileID: 224547056046526882}
  m_RootOrder: 1
  m_LocalEulerAnglesHint: {x: 0, y: 0, z: 0}
--- !u!114 &114755004606368063
MonoBehaviour:
  m_CorrespondingSourceObject: {fileID: 0}
  m_PrefabInstance: {fileID: 100100000}
  m_PrefabAsset: {fileID: 0}
  m_GameObject: {fileID: 1415683398600834}
  m_Enabled: 1
  m_EditorHideFlags: 0
  m_Script: {fileID: 11500000, guid: 2509c79dab3506044b4890d1ad380396, type: 3}
  m_Name:
  m_EditorClassIdentifier:
--- !u!1 &1533905207444816
GameObject:
  m_CorrespondingSourceObject: {fileID: 0}
  m_PrefabInstance: {fileID: 100100000}
  m_PrefabAsset: {fileID: 0}
  serializedVersion: 5
  m_Component:
  - component: {fileID: 224951702334270580}
  m_Layer: 5
  m_Name: child
  m_TagString: Untagged
  m_Icon: {fileID: 0}
  m_NavMeshLayer: 0
  m_StaticEditorFlags: 0
  m_IsActive: 1
--- !u!224 &224951702334270580
RectTransform:
  m_CorrespondingSourceObject: {fileID: 0}
  m_PrefabInstance: {fileID: 100100000}
  m_PrefabAsset: {fileID: 0}
  m_GameObject: {fileID: 1533905207444816}
  m_LocalRotation: {x: 0, y: 0, z: 0, w: 1}
  m_LocalPosition: {x: 0, y: 0, z: 0}
  m_LocalScale: {x: 1, y: 1, z: 1}
  m_Children:
  - {fileID: 224046925197896092}
  m_Father: {fileID: 224703781102465783}
  m_RootOrder: 0
  m_LocalEulerAnglesHint: {x: 0, y: 0, z: 0}
--- !u!1 &1144662647845874
GameObject:
  m_CorrespondingSourceObject: {fileID: 0}
  m_PrefabInstance: {fileID: 100100000}
  m_PrefabAsset: {fileID: 0}
  serializedVersion: 5
  m_Component:
  - component: {fileID: 224046925197896092}
  - component: {fileID: 222603534999408949}
  - component: {fileID: 114976131505148510}
  - component: {fileID: 114157068809665343}
  m_Layer: 5
  m_Name: Text_Content
  m_TagString: Untagged
  m_Icon: {fileID: 0}
  m_NavMeshLayer: 0
  m_StaticEditorFlags: 0
  m_IsActive: 1
--- !u!224 &224046925197896092
RectTransform:
  m_CorrespondingSourceObject: {fileID: 0}
  m_PrefabInstance: {fileID: 100100000}
  m_PrefabAsset: {fileID: 0}
  m_GameObject: {fileID: 1144662647845874}
  m_LocalRotation: {x: 0, y: 0, z: 0, w: 1}
  m_LocalPosition: {x: 0, y: -2, z: 0}
  m_LocalScale: {x: 1, y: 1, z: 1}
  m_Children: []
  m_Father: {fileID: 224951702334270580}
  m_RootOrder: 0
  m_LocalEulerAnglesHint: {x: 0, y: 0, z: 0}
--- !u!222 &222603534999408949
CanvasRenderer:
  m_CorrespondingSourceObject: {fileID: 0}
  m_PrefabInstance: {fileID: 100100000}
  m_PrefabAsset: {fileID: 0}
  m_GameObject: {fileID: 1144662647845874}
--- !u!114 &114976131505148510
MonoBehaviour:
  m_CorrespondingSourceObject: {fileID: 0}
  m_PrefabInstance: {fileID: 100100000}
  m_PrefabAsset: {fileID: 0}
  m_GameObject: {fileID: 1144662647845874}
  m_Enabled: 1
  m_EditorHideFlags: 0
  m_Script: {fileID: 11500000, guid: 0e3b03fcffcda334d8e69591462f93d8, type: 3}
  m_Name:
  m_EditorClassIdentifier:
--- !u!114 &114157068809665343
MonoBehaviour:
  m_CorrespondingSourceObject: {fileID: 0}
  m_PrefabInstance: {fileID: 100100000}
  m_PrefabAsset: {fileID: 0}
  m_GameObject: {fileID: 1144662647845874}
  m_Enabled: 1
  m_EditorHideFlags: 0
  m_Script: {fileID: 1741964061, guid: f70555f144d8491a825f0804e09c671c, type: 3}
  m_Name:
  m_EditorClassIdentifier:
--- !u!1 &1823881802902851
GameObject:
  m_CorrespondingSourceObject: {fileID: 0}
  m_PrefabInstance: {fileID: 100100000}
  m_PrefabAsset: {fileID: 0}
  serializedVersion: 5
  m_Component:
  - component: {fileID: 224118071308584558}
  - component: {fileID: 114068218969576973}
  m_Layer: 5
  m_Name: GoldText
  m_TagString: Untagged
  m_Icon: {fileID: 0}
  m_NavMeshLayer: 0
  m_StaticEditorFlags: 0
  m_IsActive: 1
--- !u!224 &224118071308584558
RectTransform:
  m_CorrespondingSourceObject: {fileID: 0}
  m_PrefabInstance: {fileID: 100100000}
  m_PrefabAsset: {fileID: 0}
  m_GameObject: {fileID: 1823881802902851}
  m_LocalRotation: {x: 0, y: 0, z: 0, w: 1}
  m_LocalPosition: {x: 0, y: -7, z: 0}
  m_LocalScale: {x: 1, y: 1, z: 1}
  m_Children:
  - {fileID: 224304587984018165}
  - {fileID: 224614089204638650}
  - {fileID: 224260065939742826}
  m_Father: {fileID: 224547056046526882}
  m_RootOrder: 2
  m_LocalEulerAnglesHint: {x: 0, y: 0, z: 0}
--- !u!114 &114068218969576973
MonoBehaviour:
  m_CorrespondingSourceObject: {fileID: 0}
  m_PrefabInstance: {fileID: 100100000}
  m_PrefabAsset: {fileID: 0}
  m_GameObject: {fileID: 1823881802902851}
  m_Enabled: 1
  m_EditorHideFlags: 0
  m_Script: {fileID: 11500000, guid: bff0fa44d8ac35246887fb6c28b1610b, type: 3}
  m_Name:
  m_EditorClassIdentifier:
--- !u!1 &1308287436346248
GameObject:
  m_CorrespondingSourceObject: {fileID: 0}
  m_PrefabInstance: {fileID: 100100000}
  m_PrefabAsset: {fileID: 0}
  serializedVersion: 5
  m_Component:
  - component: {fileID: 224304587984018165}
  - component: {fileID: 222811361253599247}
  - component: {fileID: 114118349796578830}
  m_Layer: 5
  m_Name: Text_GoldName
  m_TagString: Untagged
  m_Icon: {fileID: 0}
  m_NavMeshLayer: 0
  m_StaticEditorFlags: 0
  m_IsActive: 1
--- !u!224 &224304587984018165
RectTransform:
  m_CorrespondingSourceObject: {fileID: 0}
  m_PrefabInstance: {fileID: 100100000}
  m_PrefabAsset: {fileID: 0}
  m_GameObject: {fileID: 1308287436346248}
  m_LocalRotation: {x: 0, y: 0, z: 0, w: 1}
  m_LocalPosition: {x: 0, y: 60, z: 0}
  m_LocalScale: {x: 1, y: 1, z: 1}
  m_Children: []
  m_Father: {fileID: 224118071308584558}
  m_RootOrder: 0
  m_LocalEulerAnglesHint: {x: 0, y: 0, z: 0}
--- !u!222 &222811361253599247
CanvasRenderer:
  m_CorrespondingSourceObject: {fileID: 0}
  m_PrefabInstance: {fileID: 100100000}
  m_PrefabAsset: {fileID: 0}
  m_GameObject: {fileID: 1308287436346248}
--- !u!114 &114118349796578830
MonoBehaviour:
  m_CorrespondingSourceObject: {fileID: 0}
  m_PrefabInstance: {fileID: 100100000}
  m_PrefabAsset: {fileID: 0}
  m_GameObject: {fileID: 1308287436346248}
  m_Enabled: 1
  m_EditorHideFlags: 0
  m_Script: {fileID: 11500000, guid: 0e3b03fcffcda334d8e69591462f93d8, type: 3}
  m_Name:
  m_EditorClassIdentifier:
--- !u!1 &1618310191849890
GameObject:
  m_CorrespondingSourceObject: {fileID: 0}
  m_PrefabInstance: {fileID: 100100000}
  m_PrefabAsset: {fileID: 0}
  serializedVersion: 5
  m_Component:
  - component: {fileID: 224614089204638650}
  - component: {fileID: 222616699420508184}
  - component: {fileID: 114767472862013623}
  m_Layer: 5
  m_Name: Image
  m_TagString: Untagged
  m_Icon: {fileID: 0}
  m_NavMeshLayer: 0
  m_StaticEditorFlags: 0
  m_IsActive: 1
--- !u!224 &224614089204638650
RectTransform:
  m_CorrespondingSourceObject: {fileID: 0}
  m_PrefabInstance: {fileID: 100100000}
  m_PrefabAsset: {fileID: 0}
  m_GameObject: {fileID: 1618310191849890}
  m_LocalRotation: {x: 0, y: 0, z: 0, w: 1}
  m_LocalPosition: {x: -85, y: 0, z: 0}
  m_LocalScale: {x: 1, y: 1, z: 1}
  m_Children: []
  m_Father: {fileID: 224118071308584558}
  m_RootOrder: 1
  m_LocalEulerAnglesHint: {x: 0, y: 0, z: 0}
--- !u!222 &222616699420508184
CanvasRenderer:
  m_CorrespondingSourceObject: {fileID: 0}
  m_PrefabInstance: {fileID: 100100000}
  m_PrefabAsset: {fileID: 0}
  m_GameObject: {fileID: 1618310191849890}
--- !u!114 &114767472862013623
MonoBehaviour:
  m_CorrespondingSourceObject: {fileID: 0}
  m_PrefabInstance: {fileID: 100100000}
  m_PrefabAsset: {fileID: 0}
  m_GameObject: {fileID: 1618310191849890}
  m_Enabled: 1
  m_EditorHideFlags: 0
  m_Script: {fileID: -765806418, guid: f70555f144d8491a825f0804e09c671c, type: 3}
  m_Name:
  m_EditorClassIdentifier:
--- !u!1 &1177227975077766
GameObject:
  m_CorrespondingSourceObject: {fileID: 0}
  m_PrefabInstance: {fileID: 100100000}
  m_PrefabAsset: {fileID: 0}
  serializedVersion: 5
  m_Component:
  - component: {fileID: 224260065939742826}
  - component: {fileID: 222787021810675414}
  - component: {fileID: 114763261340373118}
  - component: {fileID: 114442967167471969}
  m_Layer: 5
  m_Name: Text
  m_TagString: Untagged
  m_Icon: {fileID: 0}
  m_NavMeshLayer: 0
  m_StaticEditorFlags: 0
  m_IsActive: 1
--- !u!224 &224260065939742826
RectTransform:
  m_CorrespondingSourceObject: {fileID: 0}
  m_PrefabInstance: {fileID: 100100000}
  m_PrefabAsset: {fileID: 0}
  m_GameObject: {fileID: 1177227975077766}
  m_LocalRotation: {x: 0, y: 0, z: 0, w: 1}
  m_LocalPosition: {x: -30, y: 0, z: 0}
  m_LocalScale: {x: 1, y: 1, z: 1}
  m_Children: []
  m_Father: {fileID: 224118071308584558}
  m_RootOrder: 2
  m_LocalEulerAnglesHint: {x: 0, y: 0, z: 0}
--- !u!222 &222787021810675414
CanvasRenderer:
  m_CorrespondingSourceObject: {fileID: 0}
  m_PrefabInstance: {fileID: 100100000}
  m_PrefabAsset: {fileID: 0}
  m_GameObject: {fileID: 1177227975077766}
--- !u!114 &114763261340373118
MonoBehaviour:
  m_CorrespondingSourceObject: {fileID: 0}
  m_PrefabInstance: {fileID: 100100000}
  m_PrefabAsset: {fileID: 0}
  m_GameObject: {fileID: 1177227975077766}
  m_Enabled: 1
  m_EditorHideFlags: 0
  m_Script: {fileID: 11500000, guid: 0e3b03fcffcda334d8e69591462f93d8, type: 3}
  m_Name:
  m_EditorClassIdentifier:
--- !u!114 &114442967167471969
MonoBehaviour:
  m_CorrespondingSourceObject: {fileID: 0}
  m_PrefabInstance: {fileID: 100100000}
  m_PrefabAsset: {fileID: 0}
  m_GameObject: {fileID: 1177227975077766}
  m_Enabled: 1
  m_EditorHideFlags: 0
  m_Script: {fileID: 1741964061, guid: f70555f144d8491a825f0804e09c671c, type: 3}
  m_Name:
  m_EditorClassIdentifier:
--- !u!1 &1594168085967410
GameObject:
  m_CorrespondingSourceObject: {fileID: 0}
  m_PrefabInstance: {fileID: 100100000}
  m_PrefabAsset: {fileID: 0}
  serializedVersion: 5
  m_Component:
  - component: {fileID: 224247739282687807}
  m_Layer: 5
  m_Name: BestParent
  m_TagString: Untagged
  m_Icon: {fileID: 0}
  m_NavMeshLayer: 0
  m_StaticEditorFlags: 0
  m_IsActive: 1
--- !u!224 &224247739282687807
RectTransform:
  m_CorrespondingSourceObject: {fileID: 0}
  m_PrefabInstance: {fileID: 100100000}
  m_PrefabAsset: {fileID: 0}
  m_GameObject: {fileID: 1594168085967410}
  m_LocalRotation: {x: 0, y: 0, z: 0, w: 1}
  m_LocalPosition: {x: 0, y: 92, z: 0}
  m_LocalScale: {x: 1, y: 1, z: 1}
  m_Children:
  - {fileID: 224352227303365587}
  m_Father: {fileID: 224127042697211801}
  m_RootOrder: 7
  m_LocalEulerAnglesHint: {x: 0, y: 0, z: 0}
--- !u!1 &1787770189331449
GameObject:
  m_CorrespondingSourceObject: {fileID: 0}
  m_PrefabInstance: {fileID: 100100000}
  m_PrefabAsset: {fileID: 0}
  serializedVersion: 5
  m_Component:
  - component: {fileID: 224352227303365587}
  - component: {fileID: 222375038138009013}
  - component: {fileID: 114235656204965569}
  m_Layer: 5
  m_Name: Text_Beat
  m_TagString: Untagged
  m_Icon: {fileID: 0}
  m_NavMeshLayer: 0
  m_StaticEditorFlags: 0
  m_IsActive: 1
--- !u!224 &224352227303365587
RectTransform:
  m_CorrespondingSourceObject: {fileID: 0}
  m_PrefabInstance: {fileID: 100100000}
  m_PrefabAsset: {fileID: 0}
  m_GameObject: {fileID: 1787770189331449}
  m_LocalRotation: {x: 0, y: 0, z: 0, w: 1}
  m_LocalPosition: {x: 0, y: -48, z: 0}
  m_LocalScale: {x: 1, y: 1, z: 1}
  m_Children: []
  m_Father: {fileID: 224247739282687807}
  m_RootOrder: 0
  m_LocalEulerAnglesHint: {x: 0, y: 0, z: 0}
--- !u!222 &222375038138009013
CanvasRenderer:
  m_CorrespondingSourceObject: {fileID: 0}
  m_PrefabInstance: {fileID: 100100000}
  m_PrefabAsset: {fileID: 0}
  m_GameObject: {fileID: 1787770189331449}
--- !u!114 &114235656204965569
MonoBehaviour:
  m_CorrespondingSourceObject: {fileID: 0}
  m_PrefabInstance: {fileID: 100100000}
  m_PrefabAsset: {fileID: 0}
  m_GameObject: {fileID: 1787770189331449}
  m_Enabled: 1
  m_EditorHideFlags: 0
  m_Script: {fileID: 11500000, guid: 0e3b03fcffcda334d8e69591462f93d8, type: 3}
  m_Name:
  m_EditorClassIdentifier:
--- !u!1 &1609904425804680
GameObject:
  m_CorrespondingSourceObject: {fileID: 0}
  m_PrefabInstance: {fileID: 100100000}
  m_PrefabAsset: {fileID: 0}
  serializedVersion: 5
  m_Component:
  - component: {fileID: 224404797235090824}
  - component: {fileID: 222996914450666413}
  - component: {fileID: 114312524580858945}
  m_Layer: 5
  m_Name: Image_NewBest
  m_TagString: Untagged
  m_Icon: {fileID: 0}
  m_NavMeshLayer: 0
  m_StaticEditorFlags: 0
  m_IsActive: 1
--- !u!224 &224404797235090824
RectTransform:
  m_CorrespondingSourceObject: {fileID: 0}
  m_PrefabInstance: {fileID: 100100000}
  m_PrefabAsset: {fileID: 0}
  m_GameObject: {fileID: 1609904425804680}
  m_LocalRotation: {x: 0, y: 0, z: 0, w: 1}
  m_LocalPosition: {x: 0, y: 602, z: 0}
  m_LocalScale: {x: 1, y: 1, z: 1}
  m_Children: []
  m_Father: {fileID: 224127042697211801}
  m_RootOrder: 8
  m_LocalEulerAnglesHint: {x: 0, y: 0, z: 0}
--- !u!222 &222996914450666413
CanvasRenderer:
  m_CorrespondingSourceObject: {fileID: 0}
  m_PrefabInstance: {fileID: 100100000}
  m_PrefabAsset: {fileID: 0}
  m_GameObject: {fileID: 1609904425804680}
--- !u!114 &114312524580858945
MonoBehaviour:
  m_CorrespondingSourceObject: {fileID: 0}
  m_PrefabInstance: {fileID: 100100000}
  m_PrefabAsset: {fileID: 0}
  m_GameObject: {fileID: 1609904425804680}
  m_Enabled: 1
  m_EditorHideFlags: 0
  m_Script: {fileID: -765806418, guid: f70555f144d8491a825f0804e09c671c, type: 3}
  m_Name:
  m_EditorClassIdentifier:
--- !u!1 &1940355346705464
GameObject:
  m_CorrespondingSourceObject: {fileID: 0}
  m_PrefabInstance: {fileID: 100100000}
  m_PrefabAsset: {fileID: 0}
  serializedVersion: 5
  m_Component:
  - component: {fileID: 224148842398866990}
  - component: {fileID: 114742390843440039}
  m_Layer: 5
  m_Name: level
  m_TagString: Untagged
  m_Icon: {fileID: 0}
  m_NavMeshLayer: 0
  m_StaticEditorFlags: 0
  m_IsActive: 1
--- !u!224 &224148842398866990
RectTransform:
  m_CorrespondingSourceObject: {fileID: 0}
  m_PrefabInstance: {fileID: 100100000}
  m_PrefabAsset: {fileID: 0}
  m_GameObject: {fileID: 1940355346705464}
  m_LocalRotation: {x: 0, y: 0, z: 0, w: 1}
  m_LocalPosition: {x: 0, y: 123, z: 0}
  m_LocalScale: {x: 1, y: 1, z: 1}
  m_Children:
  - {fileID: 224995532892609318}
  - {fileID: 224555389344541430}
  - {fileID: 224051812674387345}
  m_Father: {fileID: 224127042697211801}
  m_RootOrder: 9
  m_LocalEulerAnglesHint: {x: 0, y: 0, z: 0}
--- !u!114 &114742390843440039
MonoBehaviour:
  m_CorrespondingSourceObject: {fileID: 0}
  m_PrefabInstance: {fileID: 100100000}
  m_PrefabAsset: {fileID: 0}
  m_GameObject: {fileID: 1940355346705464}
  m_Enabled: 1
  m_EditorHideFlags: 0
  m_Script: {fileID: 11500000, guid: 8a9349fa538c55849840731b8bfa18ce, type: 3}
  m_Name:
  m_EditorClassIdentifier:
--- !u!1 &1044292471973840
GameObject:
  m_CorrespondingSourceObject: {fileID: 0}
  m_PrefabInstance: {fileID: 100100000}
  m_PrefabAsset: {fileID: 0}
  serializedVersion: 5
  m_Component:
  - component: {fileID: 224995532892609318}
  - component: {fileID: 222498529717275050}
  - component: {fileID: 114602691358500315}
  m_Layer: 5
  m_Name: Image_BG
  m_TagString: Untagged
  m_Icon: {fileID: 0}
  m_NavMeshLayer: 0
  m_StaticEditorFlags: 0
  m_IsActive: 1
--- !u!224 &224995532892609318
RectTransform:
  m_CorrespondingSourceObject: {fileID: 0}
  m_PrefabInstance: {fileID: 100100000}
  m_PrefabAsset: {fileID: 0}
  m_GameObject: {fileID: 1044292471973840}
  m_LocalRotation: {x: 0, y: 0, z: 0, w: 1}
  m_LocalPosition: {x: 20, y: 0, z: 0}
  m_LocalScale: {x: 1, y: 1, z: 1}
  m_Children: []
  m_Father: {fileID: 224148842398866990}
  m_RootOrder: 0
  m_LocalEulerAnglesHint: {x: 0, y: 0, z: 0}
--- !u!222 &222498529717275050
CanvasRenderer:
  m_CorrespondingSourceObject: {fileID: 0}
  m_PrefabInstance: {fileID: 100100000}
  m_PrefabAsset: {fileID: 0}
  m_GameObject: {fileID: 1044292471973840}
--- !u!114 &114602691358500315
MonoBehaviour:
  m_CorrespondingSourceObject: {fileID: 0}
  m_PrefabInstance: {fileID: 100100000}
  m_PrefabAsset: {fileID: 0}
  m_GameObject: {fileID: 1044292471973840}
  m_Enabled: 1
  m_EditorHideFlags: 0
  m_Script: {fileID: -765806418, guid: f70555f144d8491a825f0804e09c671c, type: 3}
  m_Name:
  m_EditorClassIdentifier:
--- !u!1 &1119902145282322
GameObject:
  m_CorrespondingSourceObject: {fileID: 0}
  m_PrefabInstance: {fileID: 100100000}
  m_PrefabAsset: {fileID: 0}
  serializedVersion: 5
  m_Component:
  - component: {fileID: 224555389344541430}
  - component: {fileID: 114698389293631149}
  m_Layer: 5
  m_Name: ProgressBar
  m_TagString: Untagged
  m_Icon: {fileID: 0}
  m_NavMeshLayer: 0
  m_StaticEditorFlags: 0
  m_IsActive: 1
--- !u!224 &224555389344541430
RectTransform:
  m_CorrespondingSourceObject: {fileID: 0}
  m_PrefabInstance: {fileID: 100100000}
  m_PrefabAsset: {fileID: 0}
  m_GameObject: {fileID: 1119902145282322}
  m_LocalRotation: {x: 0, y: 0, z: 0, w: 1}
  m_LocalPosition: {x: 20, y: 0, z: 0}
  m_LocalScale: {x: 1, y: 1, z: 1}
  m_Children:
  - {fileID: 224032026904147149}
  m_Father: {fileID: 224148842398866990}
  m_RootOrder: 1
  m_LocalEulerAnglesHint: {x: 0, y: 0, z: 0}
--- !u!114 &114698389293631149
MonoBehaviour:
  m_CorrespondingSourceObject: {fileID: 0}
  m_PrefabInstance: {fileID: 100100000}
  m_PrefabAsset: {fileID: 0}
  m_GameObject: {fileID: 1119902145282322}
  m_Enabled: 1
  m_EditorHideFlags: 0
  m_Script: {fileID: 11500000, guid: f0f2a7225c15612478a29a668ae6c21b, type: 3}
  m_Name:
  m_EditorClassIdentifier:
--- !u!1 &1121555621049794
GameObject:
  m_CorrespondingSourceObject: {fileID: 0}
  m_PrefabInstance: {fileID: 100100000}
  m_PrefabAsset: {fileID: 0}
  serializedVersion: 5
  m_Component:
  - component: {fileID: 224032026904147149}
  m_Layer: 5
  m_Name: Slider
  m_TagString: Untagged
  m_Icon: {fileID: 0}
  m_NavMeshLayer: 0
  m_StaticEditorFlags: 0
  m_IsActive: 1
--- !u!224 &224032026904147149
RectTransform:
  m_CorrespondingSourceObject: {fileID: 0}
  m_PrefabInstance: {fileID: 100100000}
  m_PrefabAsset: {fileID: 0}
  m_GameObject: {fileID: 1121555621049794}
  m_LocalRotation: {x: 0, y: 0, z: 0, w: 1}
  m_LocalPosition: {x: 0, y: 0, z: 0}
  m_LocalScale: {x: 1, y: 1, z: 1}
  m_Children:
  - {fileID: 224619132174380861}
  - {fileID: 224636898929985268}
  - {fileID: 224709074752791183}
  m_Father: {fileID: 224555389344541430}
  m_RootOrder: 0
  m_LocalEulerAnglesHint: {x: 0, y: 0, z: 0}
--- !u!1 &1206737350838705
GameObject:
  m_CorrespondingSourceObject: {fileID: 0}
  m_PrefabInstance: {fileID: 100100000}
  m_PrefabAsset: {fileID: 0}
  serializedVersion: 5
  m_Component:
  - component: {fileID: 224619132174380861}
  - component: {fileID: 222730862524616288}
  - component: {fileID: 114899634113458020}
  m_Layer: 5
  m_Name: BG
  m_TagString: Untagged
  m_Icon: {fileID: 0}
  m_NavMeshLayer: 0
  m_StaticEditorFlags: 0
  m_IsActive: 0
--- !u!224 &224619132174380861
RectTransform:
  m_CorrespondingSourceObject: {fileID: 0}
  m_PrefabInstance: {fileID: 100100000}
  m_PrefabAsset: {fileID: 0}
  m_GameObject: {fileID: 1206737350838705}
  m_LocalRotation: {x: 0, y: 0, z: 0, w: 1}
  m_LocalPosition: {x: 0, y: 0, z: 0}
  m_LocalScale: {x: 1, y: 1, z: 1}
  m_Children: []
  m_Father: {fileID: 224032026904147149}
  m_RootOrder: 0
  m_LocalEulerAnglesHint: {x: 0, y: 0, z: 0}
--- !u!222 &222730862524616288
CanvasRenderer:
  m_CorrespondingSourceObject: {fileID: 0}
  m_PrefabInstance: {fileID: 100100000}
  m_PrefabAsset: {fileID: 0}
  m_GameObject: {fileID: 1206737350838705}
--- !u!114 &114899634113458020
MonoBehaviour:
  m_CorrespondingSourceObject: {fileID: 0}
  m_PrefabInstance: {fileID: 100100000}
  m_PrefabAsset: {fileID: 0}
  m_GameObject: {fileID: 1206737350838705}
  m_Enabled: 1
  m_EditorHideFlags: 0
  m_Script: {fileID: -765806418, guid: f70555f144d8491a825f0804e09c671c, type: 3}
  m_Name:
  m_EditorClassIdentifier:
--- !u!1 &1224711332691301
GameObject:
  m_CorrespondingSourceObject: {fileID: 0}
  m_PrefabInstance: {fileID: 100100000}
  m_PrefabAsset: {fileID: 0}
  serializedVersion: 5
  m_Component:
  - component: {fileID: 224636898929985268}
  - component: {fileID: 222304256675404616}
  - component: {fileID: 114490524861437430}
  m_Layer: 5
  m_Name: Fill
  m_TagString: Untagged
  m_Icon: {fileID: 0}
  m_NavMeshLayer: 0
  m_StaticEditorFlags: 0
  m_IsActive: 1
--- !u!224 &224636898929985268
RectTransform:
  m_CorrespondingSourceObject: {fileID: 0}
  m_PrefabInstance: {fileID: 100100000}
  m_PrefabAsset: {fileID: 0}
  m_GameObject: {fileID: 1224711332691301}
  m_LocalRotation: {x: 0, y: 0, z: 0, w: 1}
  m_LocalPosition: {x: -197, y: 0, z: 0}
  m_LocalScale: {x: 1, y: 1, z: 1}
  m_Children: []
  m_Father: {fileID: 224032026904147149}
  m_RootOrder: 1
  m_LocalEulerAnglesHint: {x: 0, y: 0, z: 0}
--- !u!222 &222304256675404616
CanvasRenderer:
  m_CorrespondingSourceObject: {fileID: 0}
  m_PrefabInstance: {fileID: 100100000}
  m_PrefabAsset: {fileID: 0}
  m_GameObject: {fileID: 1224711332691301}
--- !u!114 &114490524861437430
MonoBehaviour:
  m_CorrespondingSourceObject: {fileID: 0}
  m_PrefabInstance: {fileID: 100100000}
  m_PrefabAsset: {fileID: 0}
  m_GameObject: {fileID: 1224711332691301}
  m_Enabled: 1
  m_EditorHideFlags: 0
  m_Script: {fileID: -765806418, guid: f70555f144d8491a825f0804e09c671c, type: 3}
  m_Name:
  m_EditorClassIdentifier:
--- !u!1 &1568033698538280
GameObject:
  m_CorrespondingSourceObject: {fileID: 0}
  m_PrefabInstance: {fileID: 100100000}
  m_PrefabAsset: {fileID: 0}
  serializedVersion: 5
  m_Component:
  - component: {fileID: 224709074752791183}
  - component: {fileID: 222945724580871487}
  - component: {fileID: 114204634430022506}
  m_Layer: 5
  m_Name: FG
  m_TagString: Untagged
  m_Icon: {fileID: 0}
  m_NavMeshLayer: 0
  m_StaticEditorFlags: 0
  m_IsActive: 0
--- !u!224 &224709074752791183
RectTransform:
  m_CorrespondingSourceObject: {fileID: 0}
  m_PrefabInstance: {fileID: 100100000}
  m_PrefabAsset: {fileID: 0}
  m_GameObject: {fileID: 1568033698538280}
  m_LocalRotation: {x: 0, y: 0, z: 0, w: 1}
  m_LocalPosition: {x: -193, y: 5.5, z: 0}
  m_LocalScale: {x: 1, y: 1, z: 1}
  m_Children: []
  m_Father: {fileID: 224032026904147149}
  m_RootOrder: 2
  m_LocalEulerAnglesHint: {x: 0, y: 0, z: 0}
--- !u!222 &222945724580871487
CanvasRenderer:
  m_CorrespondingSourceObject: {fileID: 0}
  m_PrefabInstance: {fileID: 100100000}
  m_PrefabAsset: {fileID: 0}
  m_GameObject: {fileID: 1568033698538280}
--- !u!114 &114204634430022506
MonoBehaviour:
  m_CorrespondingSourceObject: {fileID: 0}
  m_PrefabInstance: {fileID: 100100000}
  m_PrefabAsset: {fileID: 0}
  m_GameObject: {fileID: 1568033698538280}
  m_Enabled: 1
  m_EditorHideFlags: 0
  m_Script: {fileID: -765806418, guid: f70555f144d8491a825f0804e09c671c, type: 3}
  m_Name:
  m_EditorClassIdentifier:
--- !u!1 &1670487453612813
GameObject:
  m_CorrespondingSourceObject: {fileID: 0}
  m_PrefabInstance: {fileID: 100100000}
  m_PrefabAsset: {fileID: 0}
  serializedVersion: 5
  m_Component:
  - component: {fileID: 224051812674387345}
  m_Layer: 5
  m_Name: Image
  m_TagString: Untagged
  m_Icon: {fileID: 0}
  m_NavMeshLayer: 0
  m_StaticEditorFlags: 0
  m_IsActive: 1
--- !u!224 &224051812674387345
RectTransform:
  m_CorrespondingSourceObject: {fileID: 0}
  m_PrefabInstance: {fileID: 100100000}
  m_PrefabAsset: {fileID: 0}
  m_GameObject: {fileID: 1670487453612813}
  m_LocalRotation: {x: 0, y: 0, z: 0, w: 1}
  m_LocalPosition: {x: -193, y: 0, z: 0}
  m_LocalScale: {x: 1, y: 1, z: 1}
  m_Children:
  - {fileID: 224654650572027093}
  - {fileID: 224047320807831303}
  m_Father: {fileID: 224148842398866990}
  m_RootOrder: 2
  m_LocalEulerAnglesHint: {x: 0, y: 0, z: 0}
--- !u!1 &1167899213148041
GameObject:
  m_CorrespondingSourceObject: {fileID: 0}
  m_PrefabInstance: {fileID: 100100000}
  m_PrefabAsset: {fileID: 0}
  serializedVersion: 5
  m_Component:
  - component: {fileID: 224654650572027093}
  - component: {fileID: 222846299614069438}
  - component: {fileID: 114337353278295270}
  m_Layer: 5
  m_Name: Image
  m_TagString: Untagged
  m_Icon: {fileID: 0}
  m_NavMeshLayer: 0
  m_StaticEditorFlags: 0
  m_IsActive: 1
--- !u!224 &224654650572027093
RectTransform:
  m_CorrespondingSourceObject: {fileID: 0}
  m_PrefabInstance: {fileID: 100100000}
  m_PrefabAsset: {fileID: 0}
  m_GameObject: {fileID: 1167899213148041}
  m_LocalRotation: {x: 0, y: 0, z: 0, w: 1}
  m_LocalPosition: {x: 0, y: 0, z: 0}
  m_LocalScale: {x: 1, y: 1, z: 1}
  m_Children: []
  m_Father: {fileID: 224051812674387345}
  m_RootOrder: 0
  m_LocalEulerAnglesHint: {x: 0, y: 0, z: 0}
--- !u!222 &222846299614069438
CanvasRenderer:
  m_CorrespondingSourceObject: {fileID: 0}
  m_PrefabInstance: {fileID: 100100000}
  m_PrefabAsset: {fileID: 0}
  m_GameObject: {fileID: 1167899213148041}
--- !u!114 &114337353278295270
MonoBehaviour:
  m_CorrespondingSourceObject: {fileID: 0}
  m_PrefabInstance: {fileID: 100100000}
  m_PrefabAsset: {fileID: 0}
  m_GameObject: {fileID: 1167899213148041}
  m_Enabled: 1
  m_EditorHideFlags: 0
  m_Script: {fileID: -765806418, guid: f70555f144d8491a825f0804e09c671c, type: 3}
  m_Name:
  m_EditorClassIdentifier:
--- !u!1 &1000109852163921
GameObject:
  m_CorrespondingSourceObject: {fileID: 0}
  m_PrefabInstance: {fileID: 100100000}
  m_PrefabAsset: {fileID: 0}
  serializedVersion: 5
  m_Component:
  - component: {fileID: 224047320807831303}
  - component: {fileID: 222195369451310836}
  - component: {fileID: 114588476012217478}
  - component: {fileID: 114658487287924839}
  m_Layer: 5
  m_Name: Text_Level
  m_TagString: Untagged
  m_Icon: {fileID: 0}
  m_NavMeshLayer: 0
  m_StaticEditorFlags: 0
  m_IsActive: 1
--- !u!224 &224047320807831303
RectTransform:
  m_CorrespondingSourceObject: {fileID: 0}
  m_PrefabInstance: {fileID: 100100000}
  m_PrefabAsset: {fileID: 0}
  m_GameObject: {fileID: 1000109852163921}
  m_LocalRotation: {x: 0, y: 0, z: 0, w: 1}
  m_LocalPosition: {x: 0, y: 2, z: 0}
  m_LocalScale: {x: 1, y: 1, z: 1}
  m_Children: []
  m_Father: {fileID: 224051812674387345}
  m_RootOrder: 1
  m_LocalEulerAnglesHint: {x: 0, y: 0, z: 0}
--- !u!222 &222195369451310836
CanvasRenderer:
  m_CorrespondingSourceObject: {fileID: 0}
  m_PrefabInstance: {fileID: 100100000}
  m_PrefabAsset: {fileID: 0}
  m_GameObject: {fileID: 1000109852163921}
--- !u!114 &114588476012217478
MonoBehaviour:
  m_CorrespondingSourceObject: {fileID: 0}
  m_PrefabInstance: {fileID: 100100000}
  m_PrefabAsset: {fileID: 0}
  m_GameObject: {fileID: 1000109852163921}
  m_Enabled: 1
  m_EditorHideFlags: 0
  m_Script: {fileID: 11500000, guid: 0e3b03fcffcda334d8e69591462f93d8, type: 3}
  m_Name:
  m_EditorClassIdentifier:
--- !u!114 &114658487287924839
MonoBehaviour:
  m_CorrespondingSourceObject: {fileID: 0}
  m_PrefabInstance: {fileID: 100100000}
  m_PrefabAsset: {fileID: 0}
  m_GameObject: {fileID: 1000109852163921}
  m_Enabled: 1
  m_EditorHideFlags: 0
  m_Script: {fileID: 11500000, guid: 6fb8e7adc9968cc44bbd84db5356f38d, type: 3}
  m_Name:
  m_EditorClassIdentifier:
--- !u!1 &1738516191493624
GameObject:
  m_CorrespondingSourceObject: {fileID: 0}
  m_PrefabInstance: {fileID: 100100000}
  m_PrefabAsset: {fileID: 0}
  serializedVersion: 5
  m_Component:
  - component: {fileID: 224644355219646599}
  m_Layer: 5
  m_Name: GetParent
  m_TagString: Untagged
  m_Icon: {fileID: 0}
  m_NavMeshLayer: 0
  m_StaticEditorFlags: 0
  m_IsActive: 1
--- !u!224 &224644355219646599
RectTransform:
  m_CorrespondingSourceObject: {fileID: 0}
  m_PrefabInstance: {fileID: 100100000}
  m_PrefabAsset: {fileID: 0}
  m_GameObject: {fileID: 1738516191493624}
  m_LocalRotation: {x: 0, y: 0, z: 0, w: 1}
  m_LocalPosition: {x: 0, y: -80, z: 0}
  m_LocalScale: {x: 1, y: 1, z: 1}
  m_Children:
  - {fileID: 224524787071518069}
  - {fileID: 224442674982394303}
  - {fileID: 224616013284350685}
  m_Father: {fileID: 224193147866881108}
  m_RootOrder: 1
  m_LocalEulerAnglesHint: {x: 0, y: 0, z: 0}
--- !u!1 &1691965661940763
GameObject:
  m_CorrespondingSourceObject: {fileID: 0}
  m_PrefabInstance: {fileID: 100100000}
  m_PrefabAsset: {fileID: 0}
  serializedVersion: 5
  m_Component:
  - component: {fileID: 224524787071518069}
  - component: {fileID: 222844703753837331}
  - component: {fileID: 114037924368010593}
  m_Layer: 5
  m_Name: Image_Left
  m_TagString: Untagged
  m_Icon: {fileID: 0}
  m_NavMeshLayer: 0
  m_StaticEditorFlags: 0
  m_IsActive: 1
--- !u!224 &224524787071518069
RectTransform:
  m_CorrespondingSourceObject: {fileID: 0}
  m_PrefabInstance: {fileID: 100100000}
  m_PrefabAsset: {fileID: 0}
  m_GameObject: {fileID: 1691965661940763}
  m_LocalRotation: {x: 0, y: 0, z: 0, w: 1}
  m_LocalPosition: {x: -360, y: 0, z: 0}
  m_LocalScale: {x: 1, y: 1, z: 1}
  m_Children: []
  m_Father: {fileID: 224644355219646599}
  m_RootOrder: 0
  m_LocalEulerAnglesHint: {x: 0, y: 0, z: 0}
--- !u!222 &222844703753837331
CanvasRenderer:
  m_CorrespondingSourceObject: {fileID: 0}
  m_PrefabInstance: {fileID: 100100000}
  m_PrefabAsset: {fileID: 0}
  m_GameObject: {fileID: 1691965661940763}
--- !u!114 &114037924368010593
MonoBehaviour:
  m_CorrespondingSourceObject: {fileID: 0}
  m_PrefabInstance: {fileID: 100100000}
  m_PrefabAsset: {fileID: 0}
  m_GameObject: {fileID: 1691965661940763}
  m_Enabled: 1
  m_EditorHideFlags: 0
  m_Script: {fileID: -765806418, guid: f70555f144d8491a825f0804e09c671c, type: 3}
  m_Name:
  m_EditorClassIdentifier:
--- !u!1 &1321112352396608
GameObject:
  m_CorrespondingSourceObject: {fileID: 0}
  m_PrefabInstance: {fileID: 100100000}
  m_PrefabAsset: {fileID: 0}
  serializedVersion: 5
  m_Component:
  - component: {fileID: 224442674982394303}
  - component: {fileID: 222090877205830343}
  - component: {fileID: 114371089673967359}
  m_Layer: 5
  m_Name: Image_Right
  m_TagString: Untagged
  m_Icon: {fileID: 0}
  m_NavMeshLayer: 0
  m_StaticEditorFlags: 0
  m_IsActive: 1
--- !u!224 &224442674982394303
RectTransform:
  m_CorrespondingSourceObject: {fileID: 0}
  m_PrefabInstance: {fileID: 100100000}
  m_PrefabAsset: {fileID: 0}
  m_GameObject: {fileID: 1321112352396608}
  m_LocalRotation: {x: 0, y: 0, z: 0, w: 1}
  m_LocalPosition: {x: 360, y: 0, z: 0}
  m_LocalScale: {x: -1, y: 1, z: 1}
  m_Children: []
  m_Father: {fileID: 224644355219646599}
  m_RootOrder: 1
  m_LocalEulerAnglesHint: {x: 0, y: 0, z: 0}
--- !u!222 &222090877205830343
CanvasRenderer:
  m_CorrespondingSourceObject: {fileID: 0}
  m_PrefabInstance: {fileID: 100100000}
  m_PrefabAsset: {fileID: 0}
  m_GameObject: {fileID: 1321112352396608}
--- !u!114 &114371089673967359
MonoBehaviour:
  m_CorrespondingSourceObject: {fileID: 0}
  m_PrefabInstance: {fileID: 100100000}
  m_PrefabAsset: {fileID: 0}
  m_GameObject: {fileID: 1321112352396608}
  m_Enabled: 1
  m_EditorHideFlags: 0
  m_Script: {fileID: -765806418, guid: f70555f144d8491a825f0804e09c671c, type: 3}
  m_Name:
  m_EditorClassIdentifier:
--- !u!1 &1406539346880000
GameObject:
  m_CorrespondingSourceObject: {fileID: 0}
  m_PrefabInstance: {fileID: 100100000}
  m_PrefabAsset: {fileID: 0}
  serializedVersion: 5
  m_Component:
  - component: {fileID: 224616013284350685}
  - component: {fileID: 222880147453832194}
  - component: {fileID: 114079759031588798}
  - component: {fileID: 114571994547473949}
  m_Layer: 5
  m_Name: Text_Get
  m_TagString: Untagged
  m_Icon: {fileID: 0}
  m_NavMeshLayer: 0
  m_StaticEditorFlags: 0
  m_IsActive: 1
--- !u!224 &224616013284350685
RectTransform:
  m_CorrespondingSourceObject: {fileID: 0}
  m_PrefabInstance: {fileID: 100100000}
  m_PrefabAsset: {fileID: 0}
  m_GameObject: {fileID: 1406539346880000}
  m_LocalRotation: {x: 0, y: 0, z: 0, w: 1}
  m_LocalPosition: {x: 0, y: 0, z: 0}
  m_LocalScale: {x: 1, y: 1, z: 1}
  m_Children: []
  m_Father: {fileID: 224644355219646599}
  m_RootOrder: 2
  m_LocalEulerAnglesHint: {x: 0, y: 0, z: 0}
--- !u!222 &222880147453832194
CanvasRenderer:
  m_CorrespondingSourceObject: {fileID: 0}
  m_PrefabInstance: {fileID: 100100000}
  m_PrefabAsset: {fileID: 0}
  m_GameObject: {fileID: 1406539346880000}
--- !u!114 &114079759031588798
MonoBehaviour:
  m_CorrespondingSourceObject: {fileID: 0}
  m_PrefabInstance: {fileID: 100100000}
  m_PrefabAsset: {fileID: 0}
  m_GameObject: {fileID: 1406539346880000}
  m_Enabled: 1
  m_EditorHideFlags: 0
  m_Script: {fileID: 11500000, guid: 0e3b03fcffcda334d8e69591462f93d8, type: 3}
  m_Name:
  m_EditorClassIdentifier:
--- !u!114 &114571994547473949
MonoBehaviour:
  m_CorrespondingSourceObject: {fileID: 0}
  m_PrefabInstance: {fileID: 100100000}
  m_PrefabAsset: {fileID: 0}
  m_GameObject: {fileID: 1406539346880000}
  m_Enabled: 1
  m_EditorHideFlags: 0
  m_Script: {fileID: 11500000, guid: 6fb8e7adc9968cc44bbd84db5356f38d, type: 3}
  m_Name:
  m_EditorClassIdentifier:
--- !u!1 &1264994517632027
GameObject:
  m_CorrespondingSourceObject: {fileID: 0}
  m_PrefabInstance: {fileID: 100100000}
  m_PrefabAsset: {fileID: 0}
  serializedVersion: 5
  m_Component:
  - component: {fileID: 224890525567623508}
  - component: {fileID: 222954421558420117}
  - component: {fileID: 114138160371777609}
  - component: {fileID: 114743886938580984}
  m_Layer: 5
  m_Name: buttonClose
  m_TagString: Untagged
  m_Icon: {fileID: 0}
  m_NavMeshLayer: 0
  m_StaticEditorFlags: 0
  m_IsActive: 1
--- !u!224 &224890525567623508
RectTransform:
  m_CorrespondingSourceObject: {fileID: 0}
  m_PrefabInstance: {fileID: 100100000}
  m_PrefabAsset: {fileID: 0}
  m_GameObject: {fileID: 1264994517632027}
  m_LocalRotation: {x: 0, y: 0, z: 0, w: 1}
  m_LocalPosition: {x: 0, y: 0, z: 0}
  m_LocalScale: {x: 1, y: 1, z: 1}
  m_Children: []
  m_Father: {fileID: 224193147866881108}
  m_RootOrder: 2
  m_LocalEulerAnglesHint: {x: 0, y: 0, z: 0}
--- !u!222 &222954421558420117
CanvasRenderer:
  m_CorrespondingSourceObject: {fileID: 0}
  m_PrefabInstance: {fileID: 100100000}
  m_PrefabAsset: {fileID: 0}
  m_GameObject: {fileID: 1264994517632027}
--- !u!114 &114138160371777609
MonoBehaviour:
  m_CorrespondingSourceObject: {fileID: 0}
  m_PrefabInstance: {fileID: 100100000}
  m_PrefabAsset: {fileID: 0}
  m_GameObject: {fileID: 1264994517632027}
  m_Enabled: 1
  m_EditorHideFlags: 0
  m_Script: {fileID: 11500000, guid: 0e3b03fcffcda334d8e69591462f93d8, type: 3}
  m_Name:
  m_EditorClassIdentifier:
--- !u!114 &114743886938580984
MonoBehaviour:
  m_CorrespondingSourceObject: {fileID: 0}
  m_PrefabInstance: {fileID: 100100000}
  m_PrefabAsset: {fileID: 0}
  m_GameObject: {fileID: 1264994517632027}
  m_Enabled: 1
  m_EditorHideFlags: 0
  m_Script: {fileID: 11500000, guid: 3bcf5ee11a8d6ea42a4666cd719f2812, type: 3}
  m_Name:
  m_EditorClassIdentifier:
--- !u!1 &1046418947690983
GameObject:
  m_CorrespondingSourceObject: {fileID: 0}
  m_PrefabInstance: {fileID: 100100000}
  m_PrefabAsset: {fileID: 0}
  serializedVersion: 5
  m_Component:
  - component: {fileID: 224907795841444868}
  m_Layer: 5
  m_Name: GetParents
  m_TagString: Untagged
  m_Icon: {fileID: 0}
  m_NavMeshLayer: 0
  m_StaticEditorFlags: 0
  m_IsActive: 1
--- !u!224 &224907795841444868
RectTransform:
  m_CorrespondingSourceObject: {fileID: 0}
  m_PrefabInstance: {fileID: 100100000}
  m_PrefabAsset: {fileID: 0}
  m_GameObject: {fileID: 1046418947690983}
  m_LocalRotation: {x: 0, y: 0, z: 0, w: 1}
  m_LocalPosition: {x: 0, y: -120, z: 0}
  m_LocalScale: {x: 1, y: 1, z: 1}
  m_Children:
  - {fileID: 224093345018046958}
  m_Father: {fileID: 224193147866881108}
  m_RootOrder: 3
  m_LocalEulerAnglesHint: {x: 0, y: 0, z: 0}
--- !u!1 &1436208297480108
GameObject:
  m_CorrespondingSourceObject: {fileID: 0}
  m_PrefabInstance: {fileID: 100100000}
  m_PrefabAsset: {fileID: 0}
  serializedVersion: 5
  m_Component:
  - component: {fileID: 224093345018046958}
  - component: {fileID: 222445055859482538}
  - component: {fileID: 114821247634688387}
  - component: {fileID: 114046978280449699}
  m_Layer: 5
  m_Name: Scroll View
  m_TagString: Untagged
  m_Icon: {fileID: 0}
  m_NavMeshLayer: 0
  m_StaticEditorFlags: 0
  m_IsActive: 1
--- !u!224 &224093345018046958
RectTransform:
  m_CorrespondingSourceObject: {fileID: 0}
  m_PrefabInstance: {fileID: 100100000}
  m_PrefabAsset: {fileID: 0}
  m_GameObject: {fileID: 1436208297480108}
  m_LocalRotation: {x: 0, y: 0, z: 0, w: 1}
  m_LocalPosition: {x: 0, y: -195, z: 0}
  m_LocalScale: {x: 1, y: 1, z: 1}
  m_Children:
  - {fileID: 224702181793420247}
  m_Father: {fileID: 224907795841444868}
  m_RootOrder: 0
  m_LocalEulerAnglesHint: {x: 0, y: 0, z: 0}
--- !u!222 &222445055859482538
CanvasRenderer:
  m_CorrespondingSourceObject: {fileID: 0}
  m_PrefabInstance: {fileID: 100100000}
  m_PrefabAsset: {fileID: 0}
  m_GameObject: {fileID: 1436208297480108}
--- !u!114 &114821247634688387
MonoBehaviour:
  m_CorrespondingSourceObject: {fileID: 0}
  m_PrefabInstance: {fileID: 100100000}
  m_PrefabAsset: {fileID: 0}
  m_GameObject: {fileID: 1436208297480108}
  m_Enabled: 0
  m_EditorHideFlags: 0
  m_Script: {fileID: -765806418, guid: f70555f144d8491a825f0804e09c671c, type: 3}
  m_Name:
  m_EditorClassIdentifier:
--- !u!114 &114046978280449699
MonoBehaviour:
  m_CorrespondingSourceObject: {fileID: 0}
  m_PrefabInstance: {fileID: 100100000}
  m_PrefabAsset: {fileID: 0}
  m_GameObject: {fileID: 1436208297480108}
  m_Enabled: 1
  m_EditorHideFlags: 0
  m_Script: {fileID: 11500000, guid: 4635ab7737d111b499b9857fdcf42c75, type: 3}
  m_Name:
  m_EditorClassIdentifier:
--- !u!1 &1346700004062777
GameObject:
  m_CorrespondingSourceObject: {fileID: 0}
  m_PrefabInstance: {fileID: 100100000}
  m_PrefabAsset: {fileID: 0}
  serializedVersion: 5
  m_Component:
  - component: {fileID: 224702181793420247}
  - component: {fileID: 114844379595145047}
  - component: {fileID: 222411656563307468}
  - component: {fileID: 114104449547536912}
  m_Layer: 5
  m_Name: Viewport
  m_TagString: Untagged
  m_Icon: {fileID: 0}
  m_NavMeshLayer: 0
  m_StaticEditorFlags: 0
  m_IsActive: 1
--- !u!224 &224702181793420247
RectTransform:
  m_CorrespondingSourceObject: {fileID: 0}
  m_PrefabInstance: {fileID: 100100000}
  m_PrefabAsset: {fileID: 0}
  m_GameObject: {fileID: 1346700004062777}
  m_LocalRotation: {x: 0, y: 0, z: 0, w: 1}
  m_LocalPosition: {x: -360, y: 200, z: 0}
  m_LocalScale: {x: 1, y: 1, z: 1}
  m_Children:
  - {fileID: 224612005618300403}
  m_Father: {fileID: 224093345018046958}
  m_RootOrder: 0
  m_LocalEulerAnglesHint: {x: 0, y: 0, z: 0}
--- !u!114 &114844379595145047
MonoBehaviour:
  m_CorrespondingSourceObject: {fileID: 0}
  m_PrefabInstance: {fileID: 100100000}
  m_PrefabAsset: {fileID: 0}
  m_GameObject: {fileID: 1346700004062777}
  m_Enabled: 1
  m_EditorHideFlags: 0
  m_Script: {fileID: -1200242548, guid: f70555f144d8491a825f0804e09c671c, type: 3}
  m_Name:
  m_EditorClassIdentifier:
--- !u!222 &222411656563307468
CanvasRenderer:
  m_CorrespondingSourceObject: {fileID: 0}
  m_PrefabInstance: {fileID: 100100000}
  m_PrefabAsset: {fileID: 0}
  m_GameObject: {fileID: 1346700004062777}
--- !u!114 &114104449547536912
MonoBehaviour:
  m_CorrespondingSourceObject: {fileID: 0}
  m_PrefabInstance: {fileID: 100100000}
  m_PrefabAsset: {fileID: 0}
  m_GameObject: {fileID: 1346700004062777}
  m_Enabled: 1
  m_EditorHideFlags: 0
  m_Script: {fileID: -765806418, guid: f70555f144d8491a825f0804e09c671c, type: 3}
  m_Name:
  m_EditorClassIdentifier:
--- !u!1 &1593168902524025
GameObject:
  m_CorrespondingSourceObject: {fileID: 0}
  m_PrefabInstance: {fileID: 100100000}
  m_PrefabAsset: {fileID: 0}
  serializedVersion: 5
  m_Component:
  - component: {fileID: 224612005618300403}
  m_Layer: 5
  m_Name: Content
  m_TagString: Untagged
  m_Icon: {fileID: 0}
  m_NavMeshLayer: 0
  m_StaticEditorFlags: 0
  m_IsActive: 1
--- !u!224 &224612005618300403
RectTransform:
  m_CorrespondingSourceObject: {fileID: 0}
  m_PrefabInstance: {fileID: 100100000}
  m_PrefabAsset: {fileID: 0}
  m_GameObject: {fileID: 1593168902524025}
  m_LocalRotation: {x: 0, y: 0, z: 0, w: 1}
  m_LocalPosition: {x: 0, y: 0, z: 0}
  m_LocalScale: {x: 1, y: 1, z: 1}
  m_Children: []
  m_Father: {fileID: 224702181793420247}
  m_RootOrder: 0
  m_LocalEulerAnglesHint: {x: 0, y: 0, z: 0}
--- !u!1 &1703329507528296
GameObject:
  m_CorrespondingSourceObject: {fileID: 0}
  m_PrefabInstance: {fileID: 100100000}
  m_PrefabAsset: {fileID: 0}
  serializedVersion: 5
  m_Component:
  - component: {fileID: 224684289575052831}
  - component: {fileID: 114700487976950793}
  m_Layer: 5
  m_Name: nonet_parent
  m_TagString: Untagged
  m_Icon: {fileID: 0}
  m_NavMeshLayer: 0
  m_StaticEditorFlags: 0
  m_IsActive: 1
--- !u!224 &224684289575052831
RectTransform:
  m_CorrespondingSourceObject: {fileID: 0}
  m_PrefabInstance: {fileID: 100100000}
  m_PrefabAsset: {fileID: 0}
  m_GameObject: {fileID: 1703329507528296}
  m_LocalRotation: {x: 0, y: 0, z: 0, w: 1}
  m_LocalPosition: {x: 0, y: -253, z: 0}
  m_LocalScale: {x: 1, y: 1, z: 1}
  m_Children:
  - {fileID: 224942093216139533}
  m_Father: {fileID: 224193147866881108}
  m_RootOrder: 4
  m_LocalEulerAnglesHint: {x: 0, y: 0, z: 0}
--- !u!114 &114700487976950793
MonoBehaviour:
  m_CorrespondingSourceObject: {fileID: 0}
  m_PrefabInstance: {fileID: 100100000}
  m_PrefabAsset: {fileID: 0}
  m_GameObject: {fileID: 1703329507528296}
  m_Enabled: 1
  m_EditorHideFlags: 0
  m_Script: {fileID: 11500000, guid: 159456aa8f109e746bf2c6e0c6b20e87, type: 3}
  m_Name:
  m_EditorClassIdentifier:
--- !u!1 &1362741243142227
GameObject:
  m_CorrespondingSourceObject: {fileID: 0}
  m_PrefabInstance: {fileID: 100100000}
  m_PrefabAsset: {fileID: 0}
  serializedVersion: 5
  m_Component:
  - component: {fileID: 224942093216139533}
  m_Layer: 5
  m_Name: child
  m_TagString: Untagged
  m_Icon: {fileID: 0}
  m_NavMeshLayer: 0
  m_StaticEditorFlags: 0
  m_IsActive: 1
--- !u!224 &224942093216139533
RectTransform:
  m_CorrespondingSourceObject: {fileID: 0}
  m_PrefabInstance: {fileID: 100100000}
  m_PrefabAsset: {fileID: 0}
  m_GameObject: {fileID: 1362741243142227}
  m_LocalRotation: {x: 0, y: 0, z: 0, w: 1}
  m_LocalPosition: {x: 0, y: 0, z: 0}
  m_LocalScale: {x: 1, y: 1, z: 1}
  m_Children:
  - {fileID: 224051552011087215}
  - {fileID: 224383819224342801}
  m_Father: {fileID: 224684289575052831}
  m_RootOrder: 0
  m_LocalEulerAnglesHint: {x: 0, y: 0, z: 0}
--- !u!1 &1240005506098348
GameObject:
  m_CorrespondingSourceObject: {fileID: 0}
  m_PrefabInstance: {fileID: 100100000}
  m_PrefabAsset: {fileID: 0}
  serializedVersion: 5
  m_Component:
  - component: {fileID: 224051552011087215}
  - component: {fileID: 222983811409799968}
  - component: {fileID: 114102414491132201}
  m_Layer: 5
  m_Name: Image_NoNet
  m_TagString: Untagged
  m_Icon: {fileID: 0}
  m_NavMeshLayer: 0
  m_StaticEditorFlags: 0
  m_IsActive: 1
--- !u!224 &224051552011087215
RectTransform:
  m_CorrespondingSourceObject: {fileID: 0}
  m_PrefabInstance: {fileID: 100100000}
  m_PrefabAsset: {fileID: 0}
  m_GameObject: {fileID: 1240005506098348}
  m_LocalRotation: {x: 0, y: 0, z: 0, w: 1}
  m_LocalPosition: {x: 0, y: 25, z: 0}
  m_LocalScale: {x: 1, y: 1, z: 1}
  m_Children: []
  m_Father: {fileID: 224942093216139533}
  m_RootOrder: 0
  m_LocalEulerAnglesHint: {x: 0, y: 0, z: 0}
--- !u!222 &222983811409799968
CanvasRenderer:
  m_CorrespondingSourceObject: {fileID: 0}
  m_PrefabInstance: {fileID: 100100000}
  m_PrefabAsset: {fileID: 0}
  m_GameObject: {fileID: 1240005506098348}
--- !u!114 &114102414491132201
MonoBehaviour:
  m_CorrespondingSourceObject: {fileID: 0}
  m_PrefabInstance: {fileID: 100100000}
  m_PrefabAsset: {fileID: 0}
  m_GameObject: {fileID: 1240005506098348}
  m_Enabled: 1
  m_EditorHideFlags: 0
  m_Script: {fileID: -765806418, guid: f70555f144d8491a825f0804e09c671c, type: 3}
  m_Name:
  m_EditorClassIdentifier:
--- !u!1 &1034630988580959
GameObject:
  m_CorrespondingSourceObject: {fileID: 0}
  m_PrefabInstance: {fileID: 100100000}
  m_PrefabAsset: {fileID: 0}
  serializedVersion: 5
  m_Component:
  - component: {fileID: 224383819224342801}
  - component: {fileID: 222780646537321624}
  - component: {fileID: 114382113479197835}
  m_Layer: 5
  m_Name: Text_NoNet
  m_TagString: Untagged
  m_Icon: {fileID: 0}
  m_NavMeshLayer: 0
  m_StaticEditorFlags: 0
  m_IsActive: 1
--- !u!224 &224383819224342801
RectTransform:
  m_CorrespondingSourceObject: {fileID: 0}
  m_PrefabInstance: {fileID: 100100000}
  m_PrefabAsset: {fileID: 0}
  m_GameObject: {fileID: 1034630988580959}
  m_LocalRotation: {x: 0, y: 0, z: 0, w: 1}
  m_LocalPosition: {x: 0, y: -20.94, z: 0}
  m_LocalScale: {x: 1, y: 1, z: 1}
  m_Children: []
  m_Father: {fileID: 224942093216139533}
  m_RootOrder: 1
  m_LocalEulerAnglesHint: {x: 0, y: 0, z: 0}
--- !u!222 &222780646537321624
CanvasRenderer:
  m_CorrespondingSourceObject: {fileID: 0}
  m_PrefabInstance: {fileID: 100100000}
  m_PrefabAsset: {fileID: 0}
  m_GameObject: {fileID: 1034630988580959}
--- !u!114 &114382113479197835
MonoBehaviour:
  m_CorrespondingSourceObject: {fileID: 0}
  m_PrefabInstance: {fileID: 100100000}
  m_PrefabAsset: {fileID: 0}
  m_GameObject: {fileID: 1034630988580959}
  m_Enabled: 1
  m_EditorHideFlags: 0
  m_Script: {fileID: 11500000, guid: 0e3b03fcffcda334d8e69591462f93d8, type: 3}
  m_Name:
  m_EditorClassIdentifier:
--- !u!1 &1773650631829116
GameObject:
  m_CorrespondingSourceObject: {fileID: 0}
  m_PrefabInstance: {fileID: 100100000}
  m_PrefabAsset: {fileID: 0}
  serializedVersion: 5
  m_Component:
  - component: {fileID: 224643974679993929}
  - component: {fileID: 222041889680947298}
  - component: {fileID: 114044513780734172}
  - component: {fileID: 114902075925627830}
  m_Layer: 5
  m_Name: Text_Close
  m_TagString: Untagged
  m_Icon: {fileID: 0}
  m_NavMeshLayer: 0
  m_StaticEditorFlags: 0
  m_IsActive: 1
--- !u!224 &224643974679993929
RectTransform:
  m_CorrespondingSourceObject: {fileID: 0}
  m_PrefabInstance: {fileID: 100100000}
  m_PrefabAsset: {fileID: 0}
  m_GameObject: {fileID: 1773650631829116}
  m_LocalRotation: {x: 0, y: 0, z: 0, w: 1}
  m_LocalPosition: {x: 0, y: -675, z: 0}
  m_LocalScale: {x: 1, y: 1, z: 1}
  m_Children: []
  m_Father: {fileID: 224193147866881108}
  m_RootOrder: 5
  m_LocalEulerAnglesHint: {x: 0, y: 0, z: 0}
--- !u!222 &222041889680947298
CanvasRenderer:
  m_CorrespondingSourceObject: {fileID: 0}
  m_PrefabInstance: {fileID: 100100000}
  m_PrefabAsset: {fileID: 0}
  m_GameObject: {fileID: 1773650631829116}
--- !u!114 &114044513780734172
MonoBehaviour:
  m_CorrespondingSourceObject: {fileID: 0}
  m_PrefabInstance: {fileID: 100100000}
  m_PrefabAsset: {fileID: 0}
  m_GameObject: {fileID: 1773650631829116}
  m_Enabled: 1
  m_EditorHideFlags: 0
  m_Script: {fileID: 11500000, guid: 0e3b03fcffcda334d8e69591462f93d8, type: 3}
  m_Name:
  m_EditorClassIdentifier:
--- !u!114 &114902075925627830
MonoBehaviour:
  m_CorrespondingSourceObject: {fileID: 0}
  m_PrefabInstance: {fileID: 100100000}
  m_PrefabAsset: {fileID: 0}
  m_GameObject: {fileID: 1773650631829116}
  m_Enabled: 1
  m_EditorHideFlags: 0
  m_Script: {fileID: 11500000, guid: 6fb8e7adc9968cc44bbd84db5356f38d, type: 3}
  m_Name:
  m_EditorClassIdentifier:
